@book{Peskin,
    author = {Michael E. Peskin and Daniel V. Schroeder},
    title = {An Introduction to Quantum Field Theory},
    publisher = {CRC Press Taylor \& Francis Group},
    year = {2018}
}

@book{Schwartz,
    author = {Matthew D. Schwartz},
    title = {Quantum  Field Theory and the Standard Model},
    publisher = {Cambrige University Press},
    year = {2013}
}